% Encoding: windows-1252


@Article{Aguirregabiria2007,
  Title                    = {Sequential estimation of dynamic discrete games},
  Author                   = {Aguirregabiria, Victor and Mira, Pedro},
  Journal                  = {Econometrica},
  Year                     = {2007},
  Number                   = {1},
  Pages                    = {1--53},
  Volume                   = {75},

  Owner                    = {Ejer},
  Publisher                = {Wiley Online Library},
  Timestamp                = {2014.12.21}
}

@Article{AguirregabiriaMira2002,
  author    = {Aguirregabiria, Victor and Mira, Pedro},
  title     = {Swapping the nested fixed point algorithm: A class of estimators for discrete Markov decision models},
  journal   = {Econometrica},
  year      = {2002},
  volume    = {70},
  number    = {4},
  pages     = {1519--1543},
  owner     = {Ejer},
  publisher = {Wiley Online Library},
  timestamp = {2014.12.24},
}

@Article{Allcott2014,
  Title                    = {Gasoline prices, fuel economy, and the energy paradox},
  Author                   = {Allcott, Hunt and Wozny, Nathan},
  Journal                  = {Review of Economics and Statistics},
  Year                     = {2014},
  Number                   = {5},
  Pages                    = {779--795},
  Volume                   = {96},

  Owner                    = {Ejer},
  Publisher                = {MIT Press},
  Timestamp                = {2015.02.14}
}

@Article{Bento2009,
  Title                    = {Distributional and efficiency impacts of increased US gasoline taxes},
  Author                   = {Bento, Antonio M and Goulder, Lawrence H and Jacobsen, Mark R and Von Haefen, Roger H},
  Journal                  = {The American Economic Review},
  Year                     = {2009},
  Pages                    = {667--699},

  Owner                    = {Ejer},
  Publisher                = {JSTOR},
  Timestamp                = {2015.02.19}
}

@Article{Breslow1972,
  Title                    = {Discussion of Professor Cox’s paper},
  Author                   = {Breslow, Norman E},
  Journal                  = {Journal of the Royal Statistical Society, Series B},
  Year                     = {1972},
  Pages                    = {216--217},
  Volume                   = {34},

  Owner                    = {Ejer},
  Timestamp                = {2015.05.01}
}

@Article{Busse2013,
  Title                    = {Are consumers myopic? Evidence from new and used car purchases},
  Author                   = {Busse, Meghan R and Knittel, Christopher R and Zettelmeyer, Florian},
  Journal                  = {The American Economic Review},
  Year                     = {2013},
  Number                   = {1},
  Pages                    = {220--256},
  Volume                   = {103},

  Owner                    = {Ejer},
  Publisher                = {American Economic Association},
  Timestamp                = {2015.01.30}
}

@Book{Cleves2008,
  Title                    = {An introduction to survival analysis using Stata},
  Author                   = {Cleves, Mario},
  Publisher                = {Stata Press},
  Year                     = {2008},

  Owner                    = {Ejer},
  Timestamp                = {2015.04.30}
}

@Article{Cox1972,
  Title                    = {Regression models and life-tables},
  Author                   = {Cox, D. R.},
  Journal                  = {Journal of the Royal Statistical Society - Series},
  Year                     = {1972},
  Pages                    = {187-220},
  Volume                   = {34},

  Owner                    = {Ejer},
  Timestamp                = {2015.04.30}
}

@Article{Dreyfus1995,
  Title                    = {Rates of time preference and consumer valuations of automobile safety and fuel efficiency},
  Author                   = {Dreyfus, Mark K and Viscusi, W Kip},
  Journal                  = {Journal of Law and Economics},
  Year                     = {1995},
  Pages                    = {79--105},

  Owner                    = {Ejer},
  Publisher                = {JSTOR},
  Timestamp                = {2015.02.14}
}

@Article{Egesdal2013,
  Title                    = {Estimating Dynamic Discrete-Choice Games of Incomplete Information},
  Author                   = {Egesdal, Michael and Lai, Zhenyu and Su, Che-Lin},
  Journal                  = {Available at SSRN 2157329},
  Year                     = {2013},

  Owner                    = {Ejer},
  Timestamp                = {2014.12.24}
}

@TechReport{Energi2013,
  Title                    = {Energistatistik 2013},
  Author                   = {Energistyrelsen},
  Year                     = {2013},

  Owner                    = {Ejer},
  Timestamp                = {2015.05.01}
}

@Article{Espey2005,
  Title                    = {Automobile fuel economy: What is it worth?},
  Author                   = {Espey, Molly and Nair, Santosh},
  Journal                  = {Contemporary Economic Policy},
  Year                     = {2005},
  Number                   = {3},
  Pages                    = {317--323},
  Volume                   = {23},

  Owner                    = {Ejer},
  Publisher                = {Wiley Online Library},
  Timestamp                = {2015.02.14}
}

@Article{Goldberg1998,
  Title                    = {The effects of the corporate average fuel efficiency standards in the US},
  Author                   = {Goldberg, Pinelopi Koujianou},
  Journal                  = {The Journal of Industrial Economics},
  Year                     = {1998},
  Number                   = {1},
  Pages                    = {1--33},
  Volume                   = {46},

  Owner                    = {Ejer},
  Publisher                = {Wiley Online Library},
  Timestamp                = {2015.02.14}
}

@Article{Greene2005,
  Title                    = {Feebates, rebates and gas-guzzler taxes: a study of incentives for increased fuel economy},
  Author                   = {Greene, David L and Patterson, Philip D and Singh, Margaret and Li, Jia},
  Journal                  = {Energy policy},
  Year                     = {2005},
  Number                   = {6},
  Pages                    = {757--775},
  Volume                   = {33},

  Owner                    = {Ejer},
  Publisher                = {Elsevier},
  Timestamp                = {2015.02.14}
}

@Article{Gruenspecht1982,
  author    = {Gruenspecht, Howard K},
  title     = {Differentiated regulation: The case of auto emissions standards},
  journal   = {The American Economic Review},
  year      = {1982},
  pages     = {328--331},
  owner     = {Ejer},
  publisher = {JSTOR},
  timestamp = {2015.05.01},
}

@Article{Hotzetal1993,
  author    = {Hotz, V Joseph and Miller, Robert A},
  title     = {Conditional choice probabilities and the estimation of dynamic models},
  journal   = {The Review of Economic Studies},
  year      = {1993},
  volume    = {60},
  number    = {3},
  pages     = {497--529},
  owner     = {Ejer},
  publisher = {Oxford University Press},
  timestamp = {2014.12.24},
}

@Article{Ito2014,
  Title                    = {Do Consumers Respond to Marginal or Average Price? Evidence from Nonlinear Electricity Pricing},
  Author                   = {Ito, K.},
  Journal                  = {American Economic Review},
  Year                     = {2014},
  Number                   = {2},
  Pages                    = {537-563},
  Volume                   = {104},

  Owner                    = {Ejer},
  Timestamp                = {2015.02.19}
}

@Article{Jacobsen2015,
  Title                    = {Vehicle scrappage and gasoline policy},
  Author                   = {Jacobsen, Mark R and van Benthem, Arthur A},
  Journal                  = {American Economic Review},
  Year                     = {2015},
  Number                   = {3},
  Pages                    = {1312-1338},
  Volume                   = {105},

  Institution              = {National Bureau of Economic Research},
  Owner                    = {Ejer},
  Timestamp                = {2015.02.17}
}

@Article{Kahn1986,
  Title                    = {Gasoline prices and the used automobile market: a rational expectations asset price approach},
  Author                   = {Kahn, James A},
  Journal                  = {The Quarterly Journal of Economics},
  Year                     = {1986},
  Pages                    = {323--339},

  Owner                    = {Ejer},
  Publisher                = {JSTOR},
  Timestamp                = {2015.02.14}
}

@Article{Kaplan1958,
  Title                    = {Nonparametric estimation from incomplete observations},
  Author                   = {Kaplan, Edward L and Meier, Paul},
  Journal                  = {Journal of the American statistical association},
  Year                     = {1958},
  Number                   = {282},
  Pages                    = {457--481},
  Volume                   = {53},

  Owner                    = {Ejer},
  Publisher                = {Taylor \& Francis},
  Timestamp                = {2015.04.22}
}

@Article{Kasahara2012,
  Title                    = {Sequential Estimation of Structural Models with a Fixed Point Constraint},
  Author                   = {Kasahara, Hiroyuki and Shimotsu, Katsumi},
  Journal                  = {Econometrica},
  Year                     = {2012},
  Number                   = {5},
  Pages                    = {2303--2319},
  Volume                   = {80},

  Owner                    = {Ejer},
  Publisher                = {Wiley Online Library},
  Timestamp                = {2014.12.24}
}

@Article{Kilian2006,
  Title                    = {The Effects of Real Gasoline Prices on Automobile Demand: A Structural Analysis Using Micro Data},
  Author                   = {Kilian, Lutz and Sims, Eric R},
  Journal                  = {Michigan Department of Economics, Working Paper, University of Michigan, Ann Arbor, April},
  Year                     = {2006},
  Volume                   = {18},

  Owner                    = {Ejer},
  Timestamp                = {2015.02.14}
}

@Book{Hand2014,
  Title                    = {Handbook of Survival Analysis},
  Author                   = {Klein, J. P and van Houweingen, H. C. and Ibrahim, J. G. and Sheike, T. H.},
  Publisher                = {CRC Press},
  Year                     = {2014},

  Owner                    = {Ejer},
  Timestamp                = {2015.04.30}
}

@TechReport{Knittel2011,
  Title                    = {Cleaning the bathwater with the baby: The health co-benefits of carbon pricing in transportation},
  Author                   = {Knittel, Christopher R and Sandler, Ryan},
  Institution              = {National Bureau of Economic Research},
  Year                     = {2011},

  Owner                    = {Ejer},
  Timestamp                = {2015.04.22}
}

@TechReport{Knittel2010,
  Title                    = {Carbon prices and automobile greenhouse gas emissions: the extensive and intensive margins},
  Author                   = {Knittel, Christopher R and Sandler, Ryan},
  Institution              = {National Bureau of Economic Research},
  Year                     = {2010},

  Owner                    = {Ejer},
  Timestamp                = {2015.04.22}
}

@Book{Lancaster1992,
  Title                    = {The econometric analysis of transition data},
  Author                   = {Lancaster, Tony},
  Publisher                = {Cambridge university press},
  Year                     = {1992},
  Number                   = {17},

  Owner                    = {Ejer},
  Timestamp                = {2015.04.30}
}

@Article{Langer2013,
  Title                    = {Automakers' Short-Run Responses to Changing Gasoline Prices*},
  Author                   = {Langer, Ashley and Miller, Nathan H},
  Journal                  = {Review of Economics and Statistics},
  Year                     = {2013},
  Number                   = {4},
  Pages                    = {1198--1211},
  Volume                   = {95},

  Owner                    = {Ejer},
  Publisher                = {MIT Press},
  Timestamp                = {2015.02.14}
}

@Article{LiTimminsHaefen2009,
  Title                    = {How Do Gasoline Prices Affect Fleet Fuel Economy?},
  Author                   = {Li, Shanjun and Timmins, Christopher and von Haefen, Roger H.},
  Journal                  = {American Economic Journal},
  Year                     = {2009},

  Owner                    = {Ejer},
  Timestamp                = {2015.02.17}
}

@Article{Miller1984,
  Title                    = {Job matching and occupational choice},
  Author                   = {Miller, Robert A},
  Journal                  = {The Journal of Political Economy},
  Year                     = {1984},
  Pages                    = {1086--1120},

  Owner                    = {Ejer},
  Publisher                = {JSTOR},
  Timestamp                = {2014.12.21}
}

@Article{Miller1984a,
  Title                    = {Job matching and occupational choice},
  Author                   = {Miller, Robert A},
  Journal                  = {The Journal of Political Economy},
  Year                     = {1984},
  Pages                    = {1086--1120},

  Owner                    = {Ejer},
  Publisher                = {JSTOR},
  Timestamp                = {2014.12.21}
}

@PhdThesis{Munk-Nielsen2014,
  Title                    = {Diesel Cars and Environmental Policy},
  Author                   = {Munk-Nielsen, Anders},
  School                   = {Master Thesis, 2013. Undergoing review. 2. Ken Gillingham and Anders Munk-Nielsen. The Tail Wagging the Dog: Fuel Prices and Driving Decisions in Denmark},
  Year                     = {2014},

  Owner                    = {Ejer},
  Timestamp                = {2015.01.30}
}

@Misc{Pakes1986,
  Title                    = {Patents as options: Some estimates of the value of holding European patent stocks},

  Author                   = {Pakes, Ariel},
  Year                     = {1986},

  Owner                    = {Ejer},
  Publisher                = {National Bureau of Economic Research Cambridge, Mass., USA},
  Timestamp                = {2014.12.21}
}

@Article{Pakes2007,
  Title                    = {Simple estimators for the parameters of discrete dynamic games (with entry/exit examples)},
  Author                   = {Pakes, Ariel and Ostrovsky, Michael and Berry, Steven},
  Journal                  = {The RAND Journal of Economics},
  Year                     = {2007},
  Number                   = {2},
  Pages                    = {373--399},
  Volume                   = {38},

  Owner                    = {Ejer},
  Publisher                = {Wiley Online Library},
  Timestamp                = {2014.12.21}
}

@Article{Pesendorfer2010,
  Title                    = {Sequential estimation of dynamic discrete games: A comment},
  Author                   = {Pesendorfer, Martin and Schmidt-Dengler, Philipp},
  Journal                  = {Econometrica},
  Year                     = {2010},
  Number                   = {2},
  Pages                    = {833--842},
  Volume                   = {78},

  Owner                    = {Ejer},
  Publisher                = {Wiley Online Library},
  Timestamp                = {2014.12.24}
}

@TechReport{Pesendorfer2003,
  Title                    = {Identification and estimation of dynamic games},
  Author                   = {Pesendorfer, Martin and Schmidt-Dengler, Philipp},
  Institution              = {National Bureau of Economic Research},
  Year                     = {2003},

  Owner                    = {Ejer},
  Timestamp                = {2014.12.21}
}

@Article{Rust2000,
  Title                    = {Nested fixed point algorithm documentation manual},
  Author                   = {Rust, John},
  Journal                  = {Unpublished Manuscript. Version},
  Year                     = {2000},
  Volume                   = {6},

  Owner                    = {Ejer},
  Timestamp                = {2014.12.23}
}

@Article{Rust1994,
  Title                    = {Structural estimation of Markov decision processes},
  Author                   = {Rust, John},
  Journal                  = {Handbook of econometrics},
  Year                     = {1994},
  Number                   = {4},
  Volume                   = {4},

  Owner                    = {Ejer},
  Timestamp                = {2014.12.22}
}

@Article{John1988,
  Title                    = {Maximum likelihood estimation of discrete control processes},
  Author                   = {Rust, John},
  Journal                  = {SIAM Journal on Control and Optimization},
  Year                     = {1988},
  Number                   = {5},
  Pages                    = {1006--1024},
  Volume                   = {26},

  Owner                    = {Ejer},
  Publisher                = {SIAM},
  Timestamp                = {2014.12.21}
}

@Article{Rust1987,
  Title                    = {Optimal replacement of GMC bus engines: An empirical model of Harold Zurcher},
  Author                   = {Rust, John},
  Journal                  = {Econometrica: Journal of the Econometric Society},
  Year                     = {1987},
  Pages                    = {999--1033},

  Owner                    = {Ejer},
  Publisher                = {JSTOR},
  Timestamp                = {2014.12.21}
}

@Article{Rust1985,
  Title                    = {Stationary equilibrium in a market for durable assets},
  Author                   = {Rust, John},
  Journal                  = {Econometrica: Journal of the Econometric Society},
  Year                     = {1985},
  Pages                    = {783--805},

  Owner                    = {Ejer},
  Publisher                = {JSTOR},
  Timestamp                = {2014.12.24}
}

@Article{Schemper1992,
  author    = {Schemper, Michael},
  title     = {Cox analysis of survival data with non-proportional hazard functions},
  journal   = {The Statistician},
  year      = {1992},
  pages     = {455--465},
  owner     = {Ejer},
  publisher = {JSTOR},
  timestamp = {2015.05.05},
}

@TechReport{DST2000,
  Title                    = {Nyt fra Danmarks Statistik (News from Statistics Denmark)},
  Author                   = {{Statistics Denmark}},
  Year                     = {2000},

  Owner                    = {Ejer},
  Timestamp                = {2015.04.29}
}

@Article{Su2012,
  Title                    = {Constrained optimization approaches to estimation of structural models},
  Author                   = {Su, Che-Lin and Judd, Kenneth L},
  Journal                  = {Econometrica},
  Year                     = {2012},
  Number                   = {5},
  Pages                    = {2213--2230},
  Volume                   = {80},

  Owner                    = {Ejer},
  Publisher                = {Wiley Online Library},
  Timestamp                = {2014.12.21}
}

@Article{Wolpin1984,
  Title                    = {An estimable dynamic stochastic model of fertility and child mortality},
  Author                   = {Wolpin, Kenneth I},
  Journal                  = {The Journal of Political Economy},
  Year                     = {1984},
  Pages                    = {852--874},

  Owner                    = {Ejer},
  Publisher                = {JSTOR},
  Timestamp                = {2014.12.21}
}

@Book{Wooldridge2010,
  Title                    = {Econometric analysis of cross section and panel data},
  Author                   = {Wooldridge, Jeffrey M},
  Publisher                = {MIT press},
  Year                     = {2010},

  Owner                    = {Ejer},
  Timestamp                = {2015.04.30}
}

@Book{UN2014,
  title     = {World Urbanization Prospects 2014: Highlights},
  publisher = {United Nations Publications},
  year      = {2014},
  author    = {{United Nations}},
}

@Article{Bayer2016,
  author  = {Bayer, Patrick and McMillan, Robert and Murphy, Alvin and Timmins, Christopher},
  title   = {A dynamic model of demand for houses and neighborhoods},
  journal = {Econometria},
  year    = {2016},
}

@Article{Buchinsky2014,
  author    = {Buchinsky, Moshe and Gotlibovski, Chemi and Lifshitz, Osnat},
  title     = {Residential location, work location, and labor market outcomes of immigrants in israel},
  journal   = {Econometrica},
  year      = {2014},
  volume    = {82},
  number    = {3},
  pages     = {995--1054},
  publisher = {Wiley Online Library},
}

@Article{Mincer1974,
  author  = {Mincer, Jacob Schooling},
  title   = {Experience and Earnings},
  journal = {New York},
  year    = {1974},
}

@Article{Bayeretal2009,
  author    = {Bayer, Patrick and Keohane, Nathaniel and Timmins, Christopher},
  title     = {Migration and hedonic valuation: The case of air quality},
  journal   = {Journal of Environmental Economics and Management},
  year      = {2009},
  volume    = {58},
  number    = {1},
  pages     = {1--14},
  publisher = {Elsevier},
}

@Article{KennanWalker2011,
  author    = {Kennan, John and Walker, James R},
  title     = {The effect of expected income on individual migration decisions},
  journal   = {Econometrica},
  year      = {2011},
  volume    = {79},
  number    = {1},
  pages     = {211--251},
  publisher = {Wiley Online Library},
}

@Article{Bishop2012,
  author  = {Bishop, Kelly},
  title   = {A dynamic model of location choice and hedonic valuation},
  journal = {mimeo, Washington University in St. Louis},
  year    = {2012},
}

@Article{Ahlfeldtetal2015,
  author    = {Ahlfeldt, Gabriel M and Redding, Stephen J and Sturm, Daniel M and Wolf, Nikolaus},
  title     = {The economics of density: Evidence from the Berlin Wall},
  journal   = {Econometrica},
  year      = {2015},
  volume    = {83},
  number    = {6},
  pages     = {2127--2189},
  publisher = {Wiley Online Library},
}

@Article{Gemici2011,
  author  = {Gemici, Ahu},
  title   = {Family migration and labor market outcomes},
  journal = {Manuscript, New York University},
  year    = {2011},
}

@InProceedings{Oswald2015,
  author       = {Oswald, Florian},
  title        = {Regional Shocks, Migration and Homeownership},
  booktitle    = {2015 Meeting Papers},
  year         = {2015},
  number       = {759},
  organization = {Society for Economic Dynamics},
}

@InProceedings{GillinghamEtAl2015,
  author = {Gillingham, Kenneth and Iskhakov, Fedor and Munk-Nielsen, Anders and Rust, John and Schjerning, Bertel},
  title  = {A Dynamic Model of Vehicle Ownership, Type Choice, and Usage},
  year   = {2015},
}

@InProceedings{Ransom2016,
  author = {Ransom, Tyler},
  title  = {The Effect of Business Cycle Fluctuations on Migration Decisions},
  year   = {2016},
}

@Article{McFadden1974,
  author  = {McFadden, Daniel},
  title   = {The measurement of urban travel demand},
  journal = {Journal of Public Economics},
  year    = {1974},
  volume  = {3},
  pages   = {303-328},
}

@TechReport{Dedingetal2004,
  author      = {Deding, M. and Fil},
  title       = {Derfor flytter vi. Geografisk mobilitet i den danske arbejdsstyrke.},
  institution = {Socialforskningsinstituttet},
  year        = {2004},
}

@PhdThesis{Hviid2015,
  author = {Hviid, Simon Juul},
  title  = {Dynamic Models of the Housing Market},
  school = {Aarhus University},
  year   = {2015},
}

@Article{Tiebout1956,
  author    = {Tiebout, Charles M},
  title     = {A pure theory of local expenditures},
  journal   = {The journal of political economy},
  year      = {1956},
  pages     = {416--424},
  publisher = {JSTOR},
}

@Article{Alonso1964,
  author    = {Alonso, William and others},
  title     = {Location and land use. Toward a general theory of land rent.},
  journal   = {Location and land use. Toward a general theory of land rent.},
  year      = {1964},
  publisher = {Cambridge, Mass.: Harvard Univ. Pr.},
}

@Article{Mills1967,
  author    = {Mills, Edwin S},
  title     = {An aggregative model of resource allocation in a metropolitan area},
  journal   = {The American Economic Review},
  year      = {1967},
  volume    = {57},
  number    = {2},
  pages     = {197--210},
  publisher = {JSTOR},
}

@Article{Muth1969,
  author = {Muth, Richard F},
  title  = {CITIES AND HOUSING; THE SPATIAL PATTERN OF URBAN RESIDENTIAL LAND USE.},
  year   = {1969},
}

@Article{McMillen2006a,
  author  = {McMillen, Daniel P},
  title   = {Testing for monocentricity},
  journal = {A Companion to Urban Economics. Oxford: Blackwell},
  year    = {2006},
  pages   = {128--140},
}

@Misc{AhlfeldtMcMillen2015,
  author       = {Gabriel M. Ahlfeldt and Daniel P. McMillen},
  title        = {The vertical city: The price of land and the height of buildings in Chicago 1870-2010},
  howpublished = {SERC discussion papers, London School of Economics},
  year         = {2015},
}

@Article{OgawaFujita1980,
  author  = {Hideaki Ogawa and Masahisa Fujita},
  title   = {Equilibrium land usepatterns in a nonmonocentric city},
  journal = {Journal of Regional Science},
  year    = {1980},
  volume  = {20},
  number  = {4},
}

@Article{Rosen1974,
  author    = {Rosen, Sherwin},
  title     = {Hedonic prices and implicit markets: product differentiation in pure competition},
  journal   = {Journal of political economy},
  year      = {1974},
  volume    = {82},
  number    = {1},
  pages     = {34--55},
  publisher = {JSTOR},
}

@Article{Greenwood1997,
  author    = {Greenwood, Michael J},
  title     = {Internal migration in developed countries},
  journal   = {Handbook of population and family economics},
  year      = {1997},
  volume    = {1},
  pages     = {647--720},
  publisher = {Elsevier},
}

@Article{Lucas1997,
  author    = {Lucas, Robert EB},
  title     = {Internal migration in developing countries},
  journal   = {Handbook of population and family economics},
  year      = {1997},
  volume    = {1},
  pages     = {721--798},
  publisher = {Elsevier},
}

@Article{Tunali2000,
  author    = {Tunali, Insan},
  title     = {Rationality of migration},
  journal   = {International Economic Review},
  year      = {2000},
  volume    = {41},
  number    = {4},
  pages     = {893--920},
  publisher = {Wiley Online Library},
}

@Article{Dahl2002,
  author    = {Dahl, Gordon B},
  title     = {Mobility and the return to education: Testing a Roy model with multiple markets},
  journal   = {Econometrica},
  year      = {2002},
  volume    = {70},
  number    = {6},
  pages     = {2367--2420},
  publisher = {Wiley Online Library},
}

@InProceedings{Dahl2002a,
  author       = {Dahl, Michael},
  title        = {Embedded knowledge flows through labor mobility in regional clusters in Denmark},
  booktitle    = {DRIUD Summer Conference on “Industrial Dynamics of the New and Old Economy--who is embracing whom},
  year         = {2002},
  organization = {Citeseer},
}

@Article{Gallin2004,
  author    = {Gallin, Joshua Hojvat},
  title     = {Net migration and state labor market dynamics},
  journal   = {Journal of Labor Economics},
  year      = {2004},
  volume    = {22},
  number    = {1},
  pages     = {1--21},
  publisher = {JSTOR},
}

@Conference{Borjas2000,
  author    = {Borjas, G. J.},
  title     = {The Economic Progress of Immigrants},
  booktitle = {Issues in the Economics of Immigration},
  year      = {2000},
  pages     = {15-49},
  publisher = {National Bureau of Economic Research Conference Report. Chicago: University of Chicago Press.},
}

@Article{Bartel1979,
  author    = {Bartel, Ann P},
  title     = {The migration decision: What role does job mobility play?},
  journal   = {The American Economic Review},
  year      = {1979},
  volume    = {69},
  number    = {5},
  pages     = {775--786},
  publisher = {JSTOR},
}

@Article{McNeill1979,
  author    = {McNeill, William H and Ara{\'u}jo, Frank P and Bartel, Brad and Y'Edynak, Gloria and Gallus, Alexander and Kiszely, Istv{\'a}n and Polunin, Ivan and Promi{\'n}ska, El{\.z}bieta and Rathbun, Ted A},
  title     = {Historical Patterns of Migration [and Comments and Reply]},
  journal   = {Current anthropology},
  year      = {1979},
  pages     = {95--102},
  publisher = {JSTOR},
}

@Article{Graves1979,
  author    = {Graves, Philip E and Linneman, Peter D},
  title     = {Household migration: Theoretical and empirical results},
  journal   = {Journal of urban economics},
  year      = {1979},
  volume    = {6},
  number    = {3},
  pages     = {383--404},
  publisher = {Elsevier},
}

@Article{Roback1982,
  author    = {Roback, Jennifer},
  title     = {Wages, rents, and the quality of life},
  journal   = {The Journal of Political Economy},
  year      = {1982},
  pages     = {1257--1278},
  publisher = {JSTOR},
}

@Article{Clark1991,
  author    = {Clark, David E and Cosgrove, James C},
  title     = {Amenities versus labor market opportunities: Choosing the optimal distance to move},
  journal   = {Journal of Regional Science},
  year      = {1991},
  volume    = {31},
  number    = {3},
  pages     = {311--328},
  publisher = {Wiley Online Library},
}

@Unpublished{Holt1997,
  author = {Holt, Fredrick Morgan},
  title  = {Family migration decisions: A dynamic analysis},
  year   = {1997},
  doi    = {University of Virginia},
}

@Article{Topel1986,
  author    = {Topel, Robert H},
  title     = {Local labor markets},
  journal   = {The Journal of Political Economy},
  year      = {1986},
  pages     = {S111--S143},
  publisher = {JSTOR},
}

@Article{Sjaastad1962,
  author    = {Sjaastad, Larry A},
  title     = {The costs and returns of human migration},
  journal   = {The Journal of Po},
  year      = {1962},
  volume    = {70},
  number    = {5},
  pages     = {80-93},
  publisher = {Springer},
}

@Misc{Hicks1932,
  author    = {Hicks, John},
  title     = {R. The theory of wages},
  year      = {1932},
  publisher = {London, Macmillan},
}

@Misc{Hicks1932a,
  author    = {Hicks, John R},
  title     = {The Theory of Wages (2nd},
  year      = {1932},
  publisher = {London: Macmillan},
}

@Article{Schmutz2015,
  author  = {Schmutz, Beno{\^\i}t and Sidib{\'e}, Modibo},
  title   = {Job Search and Migration in a System of Cities},
  journal = {Economic Research Initiatives at Duke (ERID) Working Paper},
  year    = {2015},
  number  = {181},
}

@Article{Winkler2011,
  author  = {Winkler, Hernan},
  title   = {The effect of homeownership on geographic mobility and labor market outcomes},
  journal = {Available at SSRN 1724455},
  year    = {2011},
}

@Article{Gould2007,
  author  = {Gould, E. D.},
  title   = {Cities, Workers, and Wages: A Structural Analysis og the Urban Wage Premium},
  journal = {The Review of Economic Studies Limited},
  year    = {2007},
}

@Misc{Monras2014,
  author       = {Monras, Joan},
  title        = {Economic Shocks and Internal Migration: Evidence from the Great Recession},
  howpublished = {Working paper},
  year         = {2014},
}

@Article{Mangum2015,
  author  = {Mangum, Kyle},
  title   = {Cities and Labor Market Dynamics},
  journal = {Andrew Young School of Policy Studies Research Paper Series},
  year    = {2015},
  number  = {15-05},
}

@Article{Munk-Nielsen2015,
  author  = {Munk-Nielsen, Anders},
  title   = {Diesel cars and environmental policy},
  journal = {Unpublished working paper},
  year    = {2015},
  pages   = {22},
}

@Article{Keane2012,
  author  = {Keane, Michael P and Wasi, Nada and others},
  title   = {Estimation of discrete choice models with many alternatives using random subsets of the full choice set: With an application to demand for frozen pizza},
  journal = {University of Oxford},
  year    = {2012},
}

@Article{McFadden1978,
  author  = {McFadden, Daniel},
  title   = {Modeling the choice of residential location},
  journal = {Transportation Research Record},
  year    = {1978},
  number  = {673},
}

@Article{Voena2015,
  author    = {Voena, Alessandra},
  title     = {Yours, Mine, and Ours: Do Divorce Laws Affect the Intertemporal Behavior of Married Couples?},
  journal   = {The American Economic Review},
  year      = {2015},
  volume    = {105},
  number    = {8},
  pages     = {2295--2332},
  publisher = {American Economic Association},
}

@Article{LundbergPollak1993,
  author    = {Lundberg, Shelly and Pollak, Robert A},
  title     = {Separate spheres bargaining and the marriage market},
  journal   = {Journal of political Economy},
  year      = {1993},
  volume    = {101},
  number    = {6},
  pages     = {988--1010},
  publisher = {The University of Chicago Press},
}

@Article{DelbocaFlinn2012,
  author  = {Del Boca, Daniela and Flinn, Christoher},
  title   = {Endogenous household interaction},
  journal = {Journal of Econometrics},
  year    = {2012},
}

@Article{ArcidiaconoMiller2008,
  author  = {Arcidiacono, Peter and Miller, Robert A},
  title   = {CCP estimation of dynamic discrete choice models with unobserved heterogeneity},
  journal = {Tepper School of Business},
  year    = {2008},
  pages   = {319},
}

@Article{ArcidiaconoMiller2011,
  author    = {Arcidiacono, Peter and Miller, Robert A},
  title     = {Conditional choice probability estimation of dynamic discrete choice models with unobserved heterogeneity},
  journal   = {Econometrica},
  year      = {2011},
  volume    = {79},
  number    = {6},
  pages     = {1823--1867},
  publisher = {Wiley Online Library},
}

@InProceedings{Mazzoccoetal2013,
  author = {Mazzocco, Maurizio and Ruiz, Claudia and Yamaguichi, Shintaro},
  title  = {Labor Supply, Wealth Dynamics and Marriage Decisions},
  year   = {2013},
}

@Article{Ligonetal2002,
  author  = {Ligon, Ethan and Thomas, Jonathan P. and Worral, Tim},
  title   = {Informal Insurance Arrangements with Limited Commitment: Theory and Evidence from Village Economies},
  journal = {Review of Economics Studies},
  year    = {2002},
}

@Article{Chiappori1988,
  author    = {Chiappori, Pierre-Andr{\'e}},
  title     = {Rational household labor supply},
  journal   = {Econometrica: Journal of the Econometric Society},
  year      = {1988},
  pages     = {63--90},
  publisher = {JSTOR},
}

@Article{Chiappori1992,
  author    = {Chiappori, Pierre-Andre},
  title     = {Collective labor supply and welfare},
  journal   = {Journal of political Economy},
  year      = {1992},
  volume    = {100},
  number    = {3},
  pages     = {437--467},
  publisher = {The University of Chicago Press},
}

@Article{Mazzocco2007,
  author    = {Mazzocco, Maurizio},
  title     = {Household intertemporal behaviour: A collective characterization and a test of commitment},
  journal   = {The Review of Economic Studies},
  year      = {2007},
  volume    = {74},
  number    = {3},
  pages     = {857--895},
  publisher = {Oxford University Press},
}

@Misc{McElroyetal1981,
  author    = {Marjorie B. McElroy and Mary Jean Horney},
  title     = {Nash-bargained household decisions},
  year      = {1981},
  address   = {Malden, Mass. [u.a.]},
  journal   = {International economic review},
  pages     = {333-349},
  ppn_gvk   = {470888628},
  publisher = {Blackwell},
  subtitle  = {Toward a generalization of the theory of demand},
  volume    = {2},
}

@Misc{ManserBrown1980,
  author    = {Marilyn Manser and Murray Brown},
  title     = {Marriage and household decision-making},
  year      = {1980},
  address   = {Malden, Mass. [u.a.]},
  journal   = {International economic review},
  pages     = {31-44},
  ppn_gvk   = {472777025},
  publisher = {Blackwell},
  subtitle  = {A bargaining analysis},
  volume    = {1},
}

@Misc{Ligon2002,
  author       = {Ligon, Ethan},
  title        = {Dynamic bargaining in households (with application to Bangladesh)},
  howpublished = {Unpublished draft},
  year         = {2002},
  edition      = {[Elektronische Ressource]},
  editor       = {Ethan Ligon},
  number       = {972},
  pagetotal    = {Online-Ressource, 28 p., text},
  ppn_gvk      = {381702049},
  series       = {CUDARE working paper series},
  url          = {http://repositories.cdlib.org/cgi/viewcontent.cgi?article=1001&context=are_ucb},
}

@Misc{LundbergPollak2003,
  author    = {Shelly Lundberg and Robert A. Pollak},
  title     = {Efficiency in marriage},
  year      = {2003},
  address   = {Norwell, Mass.},
  journal   = {Review of Economics of the Household},
  pages     = {153-167},
  ppn_gvk   = {369513282},
  publisher = {Springer Science + Business Media B.V.},
  volume    = {3},
}

@PhdThesis{Theloudis2016,
  author = {Theloudis, Alexandros},
  title  = {Wages and Family Time Allocation},
  school = {University College Longdon},
  year   = {2016},
}

@Article{Galichon2011,
  author = {Galichon, Alfred},
  title  = {Ex-ante vs. ex-post efficiency in matching},
  year   = {2011},
}

@Article{Ligon2011,
  author = {Ligon, Ethan A},
  title  = {Dynamic bargaining in households (with an application to Bangladesh)},
  year   = {2011},
}

@Article{Mincer1978,
  author    = {Mincer, Jacob},
  title     = {Family migration decisions},
  journal   = {Journal of political Economy},
  year      = {1978},
  volume    = {86},
  number    = {5},
  pages     = {749--773},
  publisher = {The University of Chicago Press},
}

@Article{Samuelson1956,
  author    = {Samuelson, Paul A},
  title     = {Social indifference curves},
  journal   = {The Quarterly Journal of Economics},
  year      = {1956},
  volume    = {70},
  number    = {1},
  pages     = {1--22},
  publisher = {MIT Press},
}

@Article{Udry1996,
  author    = {Udry, Christopher},
  title     = {Gender, agricultural production, and the theory of the household},
  journal   = {Journal of political Economy},
  year      = {1996},
  volume    = {104},
  number    = {5},
  pages     = {1010--1046},
  publisher = {The University of Chicago Press},
}

@Article{Bobonis2009,
  author    = {Bobonis, Gustavo J},
  title     = {Is the allocation of resources within the household efficient? New evidence from a randomized experiment},
  journal   = {Journal of political Economy},
  year      = {2009},
  volume    = {117},
  number    = {3},
  pages     = {453--503},
  publisher = {The University of Chicago Press},
}

@Article{Lundbergetal1997,
  author    = {Lundberg, Shelly J and Pollak, Robert A and Wales, Terence J},
  title     = {Do husbands and wives pool their resources? Evidence from the United Kingdom child benefit},
  journal   = {Journal of Human resources},
  year      = {1997},
  pages     = {463--480},
  publisher = {JSTOR},
}

@Article{AttanasioLechene2002,
  author    = {Attanasio, Orazio and Lechene, Valerie},
  title     = {Tests of income pooling in household decisions},
  journal   = {Review of economic dynamics},
  year      = {2002},
  volume    = {5},
  number    = {4},
  pages     = {720--748},
  publisher = {Elsevier},
}

@Article{Browningetal2006,
  author    = {Browning, Martin and Chiappori, Pierre-Andre and Lechene, Valerie},
  title     = {Collective and unitary models: A clarification},
  journal   = {Review of Economics of the Household},
  year      = {2006},
  volume    = {4},
  number    = {1},
  pages     = {5--14},
  publisher = {Springer},
}

@Article{Chiappori1988a,
  author    = {Chiappori, Pierre-Andr{\'e}},
  title     = {Rational household labor supply},
  journal   = {Econometrica: Journal of the Econometric Society},
  year      = {1988},
  pages     = {63--90},
  publisher = {JSTOR},
}

@Article{BrowningChiappori1998,
  author    = {Browning, Martin and Chiappori, Pierre-Andre},
  title     = {Efficient intra-household allocations: A general characterization and empirical tests},
  journal   = {Econometrica},
  year      = {1998},
  pages     = {1241--1278},
  publisher = {JSTOR},
}

@Article{CostaKhan2000,
  author    = {Costa, Dora L and Kahn, Matthew E},
  title     = {Power couples: changes in the locational choice of the college educated, 1940--1990},
  journal   = {The Quarterly Journal of Economics},
  year      = {2000},
  volume    = {115},
  number    = {4},
  pages     = {1287--1315},
  publisher = {MIT Press},
}

@Article{FreedmanKern1997,
  author    = {Freedman, Ora and Kern, Clifford R},
  title     = {A model of workplace and residence choice in two-worker households},
  journal   = {Regional Science and Urban Economics},
  year      = {1997},
  volume    = {27},
  number    = {3},
  pages     = {241--260},
  publisher = {Elsevier},
}

@Article{Picardetal2013,
  author = {Picard, Nathalie and De Palma, Andr{\'e} and Dantan, Sophie},
  title  = {Intra-household discrete choice models of mode choice and residential location},
  year   = {2013},
}

@TechReport{Chiapporietal2014,
  author      = {Chiappori, Pierre-Andr{\'e} and de Palma, Andr{\'e} and Picard, Nathalie and Inoa, Ignacio A},
  title       = {Couple residential location and spouses workplaces},
  institution = {Working papers, Universit{\'e} de Cergy Pontoise, THEMA},
  year        = {2014},
}

@Article{SermonsKoppelman2001,
  author    = {Sermons, M William and Koppelman, Frank S},
  title     = {Representing the differences between female and male commute behavior in residential location choice models},
  journal   = {Journal of transport geography},
  year      = {2001},
  volume    = {9},
  number    = {2},
  pages     = {101--110},
  publisher = {Elsevier},
}

@Article{ChiapporiMazzocco2015,
  author  = {Chiappori, Pierre-Andre and Mazzocco, Maurizio},
  title   = {Static and intertemporal household decisions},
  journal = {Unpublished Manuscript},
  year    = {2015},
}

@Article{Becker1962,
  author    = {Becker, Gary S},
  title     = {Investment in human capital: A theoretical analysis},
  journal   = {Journal of political economy},
  year      = {1962},
  volume    = {70},
  number    = {5, Part 2},
  pages     = {9--49},
  publisher = {The University of Chicago Press},
}

@Article{Becker1981,
  author  = {Becker, Gary},
  title   = {A treatise on the family Harvard University Press},
  journal = {Cambridge, MA},
  year    = {1981},
  volume  = {30},
}

@Article{Scholzetal2006,
  author    = {Scholz, John Karl and Seshadri, Ananth and Khitatrakun, Surachai},
  title     = {Are Americans saving optimally for retirement?},
  journal   = {Journal of political economy},
  year      = {2006},
  volume    = {114},
  number    = {4},
  pages     = {607--643},
  publisher = {The University of Chicago Press},
}

@Article{KruegerPerri2006,
  author    = {Krueger, Dirk and Perri, Fabrizio},
  title     = {Does income inequality lead to consumption inequality? Evidence and theory},
  journal   = {The Review of Economic Studies},
  year      = {2006},
  volume    = {73},
  number    = {1},
  pages     = {163--193},
  publisher = {Wiley-Blackwell},
}

@Article{Aura2005,
  author    = {Aura, Saku},
  title     = {Does the balance of power within a family matter? The case of the Retirement Equity Act},
  journal   = {Journal of Public Economics},
  year      = {2005},
  volume    = {89},
  number    = {9},
  pages     = {1699--1717},
  publisher = {Elsevier},
}

@TechReport{LiseYamada2014,
  author      = {Lise, Jeremy and Yamada, Ken},
  title       = {Household sharing and commitment: Evidence from panel data on individual expenditures and time use},
  institution = {IFS Working Papers},
  year        = {2014},
}

@Article{Hotzetal1994,
  author    = {Hotz, V Joseph and Miller, Robert A and Sanders, Seth and Smith, Jeffrey},
  title     = {A simulation estimator for dynamic models of discrete choice},
  journal   = {The Review of Economic Studies},
  year      = {1994},
  volume    = {61},
  number    = {2},
  pages     = {265--289},
  publisher = {Wiley-Blackwell},
}

@Article{Dempsteretal1977,
  author    = {Dempster, Arthur P and Laird, Nan M and Rubin, Donald B},
  title     = {Maximum likelihood from incomplete data via the EM algorithm},
  journal   = {Journal of the royal statistical society. Series B (methodological)},
  year      = {1977},
  pages     = {1--38},
  publisher = {JSTOR},
}

@Article{ArcidiaconoJones2003,
  author    = {Arcidiacono, Peter and Jones, John Bailey},
  title     = {Finite mixture distributions, sequential likelihood and the EM algorithm},
  journal   = {Econometrica},
  year      = {2003},
  volume    = {71},
  number    = {3},
  pages     = {933--946},
  publisher = {Wiley Online Library},
}

@Unpublished{JoensenMattana2017,
  author        = {Joensen, Juanna Schr{\o}ter and Mattana, Elena},
  title         = {Student Aid, Academic Achievement, and Labor Market Behavior},
  year          = {2017},
  __markedentry = {[MJH:6]},
}

@Comment{jabref-meta: databaseType:bibtex;}
